@article{osti2019real,
	title={Real time shadow mapping for augmented reality photorealistic rendering},
	author={Osti, Francesco and Santi, Gian Maria and Caligiana, Gianni},
	journal={Applied Sciences},
	volume={9},
	number={11},
	pages={2225},
	year={2019},
	publisher={MDPI}
}

@misc{unity,
	title="Unity, платформа для разработки в реальном времени [Электронный ресурс]",
	howpublished="Режим доступа: \url{https://unity.com} (Дата обращения 14.04.2023)"
}

@misc{c-sharp, 
	title = "Документация по C\# [Электронный ресурс]",
	howpublished = "Режим доступа: \url{https://docs.microsoft.com/ru-ru/dotnet/csharp/} (дата обращения 20.05.2023)"}

@misc{kinect,
	title="Создание прототипа компьютерного бесконтактного компьютерного интерфейса в Unity 3D [Электронный ресурс]",
	howpublished = "Режим доступа: \url{https://cyberleninka.ru/article/n/sozdanie-prototipa-kompyuternogo-beskontaktnogo-kompyuternogo-interfeysa-v-unity-3d/viewer} (дата обращения 21.05.2023)"}