@article{osti2019real,
	title={Real time shadow mapping for augmented reality photorealistic rendering},
	author={Osti, Francesco and Santi, Gian Maria and Caligiana, Gianni},
	journal={Applied Sciences},
	volume={9},
	number={11},
	pages={2225},
	year={2019},
	publisher={MDPI}
}

@misc{tech-ar,
	title="Технологии дополненной реальности [Электронный ресурс]",
	howpublished="Режим доступа: \url{https://cyberleninka.ru/article/n/tehnologii-dopolnennoy-realnosti/viewer} (Дата обращения 30.09.2022)"}

@book{bogdanov,
	title={Эффективный метод восстановления освещения в системах смешанной реальности с использованием HDR-изображения трехмерной сцены},
	author={Богданов, НН and Потемин, ИС and Жданов, ДД and Жданов, АД and Сорокин, МИ},
	booktitle={Графикон-конференции по компьютерной графике и зрению},
	volume={29},
	pages={26--31},
	year={2019}
}