@misc{rtsm,
	title="Real Time Shadow Mapping for Augmented Reality Photorealistic Rendering [Электронный ресурс]",
	howpublished="Режим доступа: \url{https://www.mdpi.com/2076-3417/9/11/2225} (дата обращения 30.09.2022)"}

@misc{tech-ar,
	title="Технологии дополненной реальности [Электронный ресурс]",
	howpublished="Режим доступа: \url{https://cyberleninka.ru/article/n/tehnologii-dopolnennoy-realnosti/viewer} (дата обращения 30.09.2022)"}

@misc{hdri,
	title="Использование HDR-технологии для фотографической фиксации процессуальных действий [Электронный ресурс]",
	howpublished="Режим доступа: \url{https://cyberleninka.ru/article/n/ispolzovanie-hdr-tehnologii-dlya-fotograficheskoy-fiksatsii-protsessualnyh-deystviy/viewer}  (дата обращения 8.11.2022)"}

@misc{shadow_contours_method,
	title="А. Ф. Лемешев, Д. Д. Жданов, Б. Х. Барладян, ''Метод восстановления параметров освещения в системах смешанной реальности'', Препринты ИПМ им. М. В. Келдыша, 2021, 012, 17 с."}

@misc{img_hists,
	title="Способы обработки гистограммы телевизионного изображения [Электронный ресурс]",
	howpublished="Режим доступа: \url{https://cyberleninka.ru/article/n/sposoby-obrabotki-gistogrammy-teplovizionnogo-izobrazheniya} (дата обращения 10.11.2022)"
}

@misc{sns_tras,
	title="М. И. Сорокин, Д. Д. Жданов, И. В. Валиев, ''Восстановление положения источников освещения сцены в системах смешанной реальности с использованием сверточных нейронных сетей и трассировки теневых лучей'', Препринты ИПМ им. М. В. Келдыша, 2021, 067, 18 с."
}

@misc{canedgedetect,
	title="Canny, J., A Computational Approach To Edge Detection, IEEE Transactions on Pattern Analysis and Machine Intelligence, 1986.",
}

@misc{gaus_smooth,
	title="Shapiro, L. G. \& Stockman, G. C. Computer Vision. Prentice Hall, 2001"}

@misc{dilation,
	title="Image Analysis and Mathematical Morphology by Jean Serra, ISBN 0-12-637240-3 (1982)"}

@misc{skeleton,
	title="Abeysinghe, Sasakthi; Baker, Matthew; Chiu, Wah; Ju, Tao (2008). Segmentation-free skeletonization of grayscale volumes for shape understanding, IEEE Int. Conf. Shape Modeling and Applications (SMI 2008)"}

@misc{roi,
	title="Ron Brinkmann (1999). The Art and Science of Digital Compositing. Morgan Kaufmann. pp. 184. ISBN 978-0-12-133960-9."
}

@misc{mnk,
	title="Линник Ю. В. Метод наименьших квадратов и основы математико-статистической теории обработки наблюдений. — 2-е изд. — М., 1962. (математическая теория)"}

@InProceedings{arshadowgan,  
  title = {ARShadowGAN: Shadow Generative Adversarial Network for Augmented Reality in Single Light Scenes},
  author = {Liu, Daquan and Long, Chengjiang and Zhang, Hongpan and Yu, Hanning and Dong, Xinzhi and Xiao, Chunxia},
  booktitle = {The IEEE Conference on Computer Vision and Pattern Recognition (CVPR)},
  month = {June},
  year = {2020}
}